<collection xmlns="http://www.loc.gov/MARC21/slim">
<record>
  <leader>01160nam0a22002531i 450 </leader>
  <controlfield tag="001">IT\ICCU\CNCE\059500</controlfield>
  <controlfield tag="005">20041028000000.0</controlfield>
  <datafield tag="100" ind1=" " ind2=" ">
    <subfield code="a">20041026d1503        0itac0103    ba</subfield>
  </datafield>
  <datafield tag="101" ind1=" " ind2=" ">
    <subfield code="a">LAT</subfield>
  </datafield>
  <datafield tag="102" ind1=" " ind2=" ">
    <subfield code="a">IT</subfield>
  </datafield>
  <datafield tag="200" ind1="1" ind2=" ">
    <subfield code="a">Floridum compendium sinonymorum venerabilis presbyteri Dominici de Seraphinis viri doctissimi</subfield>
  </datafield>
  <datafield tag="210" ind1=" " ind2=" ">
    <subfield code="e">Impressum Thaurini</subfield>
    <subfield code="g">per Nicolaum de Benedictis</subfield>
    <subfield code="h">1503 die x Augusti</subfield>
  </datafield>
  <datafield tag="215" ind1=" " ind2=" ">
    <subfield code="a">\30! c.</subfield>
    <subfield code="d">4ʻ</subfield>
  </datafield>
  <datafield tag="620" ind1=" " ind2=" ">
    <subfield code="a">IT</subfield>
    <subfield code="d">Torino</subfield>
  </datafield>
  <datafield tag="700" ind1=" " ind2="1">
    <subfield code="a">Serafini,</subfield>
    <subfield code="b">Domenico</subfield>
    <subfield code="3">IT\ICCU\CNCA\008440</subfield>
  </datafield>
  <datafield tag="712" ind1="0" ind2="0">
    <subfield code="a">Benedict, Nicolas</subfield>
    <subfield code="3">IT\ICCU\CNCT\001493</subfield>
    <subfield code="4">650</subfield>
  </datafield>
  <datafield tag="790" ind1=" " ind2="1">
    <subfield code="a">Seraphinis,</subfield>
    <subfield code="b">Dominicus : de</subfield>
    <subfield code="3">IT\ICCU\CNCA\023977</subfield>
    <subfield code="z">Serafini, Domenico</subfield>
  </datafield>
  <datafield tag="791" ind1="0" ind2="0">
    <subfield code="a">De_Benedictis, Nicolaus</subfield>
    <subfield code="3">IT\ICCU\CNCT\003062</subfield>
    <subfield code="z">Benedict, Nicolas</subfield>
  </datafield>
  <datafield tag="791" ind1="0" ind2="0">
    <subfield code="a">Benedetti, Nicola</subfield>
    <subfield code="3">IT\ICCU\CNCT\003636</subfield>
    <subfield code="z">Benedict, Nicolas</subfield>
  </datafield>
  <datafield tag="791" ind1="0" ind2="0">
    <subfield code="a">Benedeto, Nicolo</subfield>
    <subfield code="3">IT\ICCU\CNCT\004336</subfield>
    <subfield code="z">Benedict, Nicolas</subfield>
  </datafield>
  <datafield tag="791" ind1="0" ind2="0">
    <subfield code="a">Benedictis, Nicolaus de</subfield>
    <subfield code="c"> &lt;Torino&gt;</subfield>
    <subfield code="3">IT\ICCU\CNCT\004337</subfield>
    <subfield code="z">Benedict, Nicolas</subfield>
  </datafield>
  <datafield tag="801" ind1=" " ind2="3">
    <subfield code="a">IT</subfield>
    <subfield code="b">ICCU</subfield>
    <subfield code="c">20201115</subfield>
  </datafield>
  <datafield tag="911" ind1=" " ind2=" ">
    <subfield code="a">In fine</subfield>
    <subfield code="9">IT\ICCU\CNCM\001348</subfield>
  </datafield>
  <datafield tag="921" ind1=" " ind2=" ">
    <subfield code="a">IT\ICCU\CNCM\001348</subfield>
    <subfield code="b">Cerchio con croce tripla e iniziali N.B.</subfield>
    <subfield code="c">U303</subfield>
    <subfield code="d">Dimensioni: 2,8 x 4,8</subfield>
    <subfield code="f">CERCHIO</subfield>
    <subfield code="f">CROCE</subfield>
    <subfield code="f">NB</subfield>
    <subfield code="g">1508</subfield>
  </datafield>
</record>
</collection>
